%% This BibTeX bibliography file was created using BibDesk.
%% http://bibdesk.sourceforge.net/


%% Created for Thorsten Karrer at 2005-11-22 15:59:55 +0100 


%% Saved with string encoding ASCII (TeX) 





@book{Borchers:2001,
	Author = {Jan Borchers},
	Date-Added = {2005-11-22 15:56:58 +0100},
	Date-Modified = {2005-11-22 15:59:55 +0100},
	Publisher = {John Wiley & Sons, Ltd},
	Title = {A Pattern Approach to Interaction Design},
	Year = {2001}}
	
@inproceedings{Bragdon,
 author = {Bragdon, Andrew and Nelson, Eugene and Li, Yang and Hinckley, Ken},
 title = {Experimental Analysis of Touch-screen Gesture Designs in Mobile Environments},
 booktitle = {Proceedings of the SIGCHI Conference on Human Factors in Computing Systems},
 series = {CHI '11},
 year = {2011},
 isbn = {978-1-4503-0228-9},
 location = {Vancouver, BC, Canada},
 pages = {403--412},
 numpages = {10},
 url = {http://doi.acm.org/10.1145/1978942.1979000},
 doi = {10.1145/1978942.1979000},
 acmid = {1979000},
 publisher = {ACM},
 address = {New York, NY, USA},
 keywords = {evaluation, gestures, mobile phones, performance, touch},
}

@inproceedings{Ashbrook:2010:MMG:1753326.1753653,
 author = {Ashbrook, Daniel and Starner, Thad},
 title = {MAGIC: A Motion Gesture Design Tool},
 booktitle = {Proceedings of the SIGCHI Conference on Human Factors in Computing Systems},
 series = {CHI '10},
 year = {2010},
 isbn = {978-1-60558-929-9},
 location = {Atlanta, Georgia, USA},
 pages = {2159--2168},
 numpages = {10},
 url = {http://doi.acm.org/10.1145/1753326.1753653},
 doi = {10.1145/1753326.1753653},
 acmid = {1753653},
 publisher = {ACM},
 address = {New York, NY, USA},
 keywords = {gesture},
} 